// ********************
// ONLINE
// ********************

@online{github-video-blog-beta,
  author       = {Lauren Brose},
  title        = {{Video upload public beta}},
  url          = {https://github.blog/changelog/2020-12-16-video-upload-public-beta/},
  organization = {GitHub},
  lastaccessed = {feb 12, 2022},

  memo="
    month = {Dec},
    year = {2020},
  "
}

@online{github-video-blog,
  author       = {Lauren Brose},
  title        = {{Video uploads now available across GitHub}},
  url          = {https://github.blog/2021-05-13-video-uploads-available-github/},
  organization = {GitHub},
  lastaccessed = {Jan 22, 2022},

  memo="
    month = {May},
    year = {2021},
  "
}

@online{gitlab2020remoteplaybook,
  author       = {{GitLab Inc.}},
  title        = {{The Remote Playbook from the largest All-Remote company in the world}},
  url          = {https://about.gitlab.com/company/culture/all-remote/},
  organization = {GitLab Inc.},
  lastaccessed = {Apr 9, 2020},
}

@online{gitlab2020survey,
  author       = {{GitLab Inc.}},
  title        = {{The Remote Work Report by GitLab: The Future of Work is Remote}},
  url          = {https://page.gitlab.com/rs/194-VVC-221/images/the-remote-work-report-by-gitlab.pdf},
  organization = {GitLab Inc.},
  lastaccessed = {Jan 27, 2022},
}

@online{Bugzilla,
  author       = {Bugzilla Org.},
  title        = {Bugzilla},
  url          = {https://www.bugzilla.org/},
  organization = {Bugzilla Org.},
  lastaccessed = {feb 12, 2022},

  memo="
    month = {Sep},
    year = {2017},
  "
}

@online{JIRA,
  author       = {Atlassian},
  title        = {JIRA Software},
  url          = {https://www.atlassian.com/software/jiras},
  organization = {Atlassian},
  lastaccessed = {feb 12, 2022},
}

@online{DearGitHub,
  author       = {GitHub},
  title        = {Dear GitHub},
  url          = {https://github.com/dear-github/dear-github},
  organization = {GitHub},
  lastaccessed = {feb 12, 2022},
}


// ********************
// ARTICLE
// ********************

@article{ford2021TOSEM,
  author  = {Ford, Denae and Storey, Margaret-Anne and Zimmermann, Thomas and Bird, Christian and Jaffe, Sonia and Maddila, Chandra and Butler, Jenna L. and Houck, Brian and Nagappan, Nachiappan},
  title   = {A Tale of Two Cities: Software Developers Working from Home during the {COVID-19} Pandemic},
  journal = {ACM Transactions on Software Engineering and Methodology},
  volume  = {31},
  number  = {2},
  year    = {2021},

  memo="
    issue_date = {April 2022},
    publisher = {Association for Computing Machinery},
    doi = {10.1145/3487567},
  "
}

@article{zimmermann2010TSE,
  author    = {Thomas Zimmermann and
               Rahul Premraj and
               Nicolas Bettenburg and
               Sascha Just and
               Adrian Schr{\"{o}}ter and
               Cathrin Weiss},
  title     = {What Makes a Good Bug Report?},
  journal   = {{IEEE} Transactions on Software Engineering},
  volume    = {36},
  number    = {5},
  pages     = {618--643},
  year      = {2010},
}

@article{POTTER1975,
  author  = {Potter, Mary C and Faulconer, Barbara A},
  title   = {{Time to understand pictures and words}},
  journal = {Nature},
  volume  = {253},
  number  = {5491},
  pages   = {437--438},
  year    = {1975}
}

@article{steel-dwass-test,
  author  = {Robert G. D. Steel},
  title   = {Some Rank Sum Multiple Comparisons Tests},
  journal = {Biometrics},
  volume  = {17},
  number  = {4},
  pages   = {539--552},
  year    = {1961}
}

@article{salton1988-tfidf,
  author  = {Salton, Gerard and Buckley, Christopher},
  title   = {Term-weighting approaches in automatic text retrieval},
  journal = {Information processing \& management},
  volume  = {24},
  number  = {5},
  pages   = {513--523},
  year    = {1988},

  memo="
    publisher={Elsevier}
  "
}

@article{DBLP:journals/ese/ShihabIKIOAHM13,
  author    = {Emad Shihab and
               Akinori Ihara and
               Yasutaka Kamei and
               Walid M. Ibrahim and
               Masao Ohira and
               Bram Adams and
               Ahmed E. Hassan and
               Ken{-}ichi Matsumoto},
  title     = {Studying re-opened bugs in open source software},
  journal   = {Empir. Softw. Eng.},
  volume    = {18},
  number    = {5},
  pages     = {1005--1042},
  year      = {2013},

  memo="
    url       = {https://doi.org/10.1007/s10664-012-9228-6},
    doi       = {10.1007/s10664-012-9228-6},
    timestamp = {Tue, 25 Aug 2020 16:58:33 +0200},
    biburl    = {https://dblp.org/rec/journals/ese/ShihabIKIOAHM13.bib},
    bibsource = {dblp computer science bibliography, https://dblp.org}
  "
}

@article{DBLP:journals/ieicetd/NoyoriWFKONT21,
  author    = {Yuki Noyori and
               Hironori Washizaki and
               Yoshiaki Fukazawa and
               Hideyuki Kanuka and
               Keishi Ooshima and
               Shuhei Nojiri and
               Ryosuke Tsuchiya},
  title     = {What are the Features of Good Discussions for Shortening Bug Fixing
               Time?},
  journal   = {{IEICE} Trans. Inf. Syst.},
  volume    = {104-D},
  number    = {1},
  pages     = {106--116},
  year      = {2021},

  memo="
    url       = {https://doi.org/10.1587/transinf.2020MPP0007},
    doi       = {10.1587/transinf.2020MPP0007},
    timestamp = {Mon, 18 Jan 2021 15:07:34 +0100},
    biburl    = {https://dblp.org/rec/journals/ieicetd/NoyoriWFKONT21.bib},
    bibsource = {dblp computer science bibliography, https://dblp.org}
  "
}

@article{DBLP:journals/jss/GarciaSN18,
  author    = {Harold Valdivia Garcia and
               Emad Shihab and
               Meiyappan Nagappan},
  title     = {Characterizing and predicting blocking bugs in open source projects},
  journal   = {J. Syst. Softw.},
  volume    = {143},
  pages     = {44--58},
  year      = {2018},

  memo="
    url       = {https://doi.org/10.1016/j.jss.2018.03.053},
    doi       = {10.1016/j.jss.2018.03.053},
    timestamp = {Mon, 24 Feb 2020 15:58:08 +0100},
    biburl    = {https://dblp.org/rec/journals/jss/GarciaSN18.bib},
    bibsource = {dblp computer science bibliography, https://dblp.org}
  "
}


// ********************
// INPROCEEDINGS
// ********************

@inproceedings{sengupta2006ICSE,
  author    = {Bikram Sengupta and
               Satish Chandra and
               Vibha Sinha},
  title     = {A research agenda for distributed software development},
  booktitle = {Proceedings of the 28th International Conference on Software Engineering ({ICSE})},
  pages     = {731--740},
  year      = {2006},

  memo="
    publisher = {{ACM}},
    doi       = {10.1145/1134285.1134402},
  "
}

@inproceedings{zhang2012WCRE,
  author    = {Feng Zhang and
               Foutse Khomh and
               Ying Zou and
               Ahmed E. Hassan},
  title     = {An Empirical Study on Factors Impacting Bug Fixing Time},
  booktitle = {Proceedings of the 19th Working Conference on Reverse Engineering ({WCRE})},
  pages     = {225--234},
  year      = {2012},

  memo="
    publisher = {{IEEE} Computer Society},
  "
}

@inproceedings{9402526,  
  author    = {Cooper, Nathan and Bernal-CÃ¡rdenas, Carlos and Chaparro, Oscar and Moran, Kevin and Poshyvanyk, Denys},  
  title     = {A Replication Package for It Takes Two to Tango: Combining Visual and Textual Information for Detecting Duplicate Video-Based Bug Reports},   
  booktitle = {2021 IEEE/ACM 43rd International Conference on Software Engineering: Companion Proceedings (ICSE-Companion)},   
  pages     = {160-161},  
  year      = {2021},  

  memo="
    doi = {10.1109/ICSE-Companion52605.2021.00067}
  "
}

@inproceedings{9498236,  
  author    = {Noyori, Yuki and Washizaki, Hironori and Fukazawa, Yoshiaki and Ooshima, Keishi and Kanuka, Hideyuki and Nojiri, Shuhei and Tsuchiya, Ryosuke},  
  title     = {Extracting features related to bug fixing time of bug reports by deep learning and gradient-based visualization},   
  booktitle = {2021 IEEE International Conference on Artificial Intelligence and Computer Applications (ICAICA)},   
  pages     = {402-407},  
  year      = {2021},  

  memo="
    doi={10.1109/ICAICA52286.2021.9498236}
  "
}

@inproceedings{DBLP:conf/icsm/0001KC20,
  author    = {Mohammad Masudur Rahman and
               Foutse Khomh and
               Marco Castelluccio},
  title     = {Why are Some Bugs Non-Reproducible? : -An Empirical Investigation
               using Data Fusion-},
  booktitle = {Proceedings of the 36th {IEEE} International Conference on Software Maintenance and Evolution},
  pages     = {605--616},
  year      = {2020}
}


@inproceedings{DBLP:conf/sigsoft/ChaparroBLMMPPN19,
  author    = {Oscar Chaparro and
               Carlos Bernal{-}C{\'{a}}rdenas and
               Jing Lu and
               Kevin Moran and
               Andrian Marcus and
               Massimiliano Di Penta and
               Denys Poshyvanyk and
               Vincent Ng},
  title     = {Assessing the quality of the steps to reproduce in bug reports},
  booktitle = {Proceedings of the {ACM} Joint Meeting on European Software Engineering
               Conference and Symposium on the Foundations of Software Engineering,
               {ESEC/SIGSOFT} {FSE} 2019, Tallinn, Estonia, August 26-30, 2019},
  pages     = {86--96},
  year      = {2019}
}

@inproceedings{DBLP:conf/msr/JoorabchiMM14,
  author    = {Mona Erfani Joorabchi and
               Mehdi MirzaAghaei and
               Ali Mesbah},
  title     = {Works for me! characterizing non-reproducible bug reports},
  booktitle = {Proceedings of the 11th Working Conference on Mining Software Repositories},
  pages     = {62--71},
  year      = {2014}
}


@inproceedings{DBLP:conf/sigsoft/ChaparroLZMPMBN17,
  author    = {Oscar Chaparro and
               Jing Lu and
               Fiorella Zampetti and
               Laura Moreno and
               Massimiliano Di Penta and
               Andrian Marcus and
               Gabriele Bavota and
               Vincent Ng},
  title     = {Detecting missing information in bug descriptions},
  booktitle = {Proceedings of the 2017 11th Joint Meeting on Foundations of Software
               Engineering},
  pages     = {396--407},
  year      = {2017}
}

@inproceedings{msr2021data,
  author    = {Ozren Dabic and Emad Aghajani and Gabriele Bavota},
  title     = {Sampling Projects in GitHub for {MSR} Studies},
  booktitle = {18th {IEEE/ACM} International Conference on Mining Software Repositories,
               {MSR} 2021},
  pages     = {560--564},
  year      = {2021}
}

@inproceedings{DBLP:conf/icsm/OhiraHOM12,
  author    = {Masao Ohira and
               Ahmed E. Hassan and
               Naoya Osawa and
               Ken{-}ichi Matsumoto},
  title     = {The impact of bug management patterns on bug fixing: {A} case study
               of Eclipse projects},
  booktitle = {Proceedings of the 28th {IEEE} International Conference on Software Maintenance},
  pages     = {264--273},
  year      = {2012}
}

@inproceedings{DBLP:conf/compsac/ZouXZCL15,
  author    = {Weiqin Zou and
               Xin Xia and
               Weiqiang Zhang and
               Zhenyu Chen and
               David Lo},
  title     = {An Empirical Study of Bug Fixing Rate},
  booktitle = {Proceedngs of the 39th {IEEE} Annual Computer Software and Applications Conference,
               {COMPSAC} 2015, Taichung, Taiwan, July 1-5, 2015. Volume 2},
  pages     = {254--263},
  year      = {2015}
}

@inproceedings{DBLP:conf/icse/ZimmermannNGM12,
  author    = {Thomas Zimmermann and
               Nachiappan Nagappan and
               Philip J. Guo and
               Brendan Murphy},
  title     = {Characterizing and predicting which bugs get reopened},
  booktitle = {34th International Conference on Software Engineering, {ICSE} 2012,
               June 2-9, 2012, Zurich, Switzerland},
  pages     = {1074--1083},
  year      = {2012},

  memo="
    editor    = {Martin Glinz and
                Gail C. Murphy and
                Mauro Pezz{\`{e}}},
    publisher = {{IEEE} Computer Society},
    url       = {https://doi.org/10.1109/ICSE.2012.6227112},
    doi       = {10.1109/ICSE.2012.6227112},
    timestamp = {Wed, 16 Oct 2019 14:14:49 +0200},
    biburl    = {https://dblp.org/rec/conf/icse/ZimmermannNGM12.bib},
    bibsource = {dblp computer science bibliography, https://dblp.org} 
  "
}

@inproceedings{DBLP:conf/cscw/BreuPSZ10,
  author    = {Silvia Breu and
               Rahul Premraj and
               Jonathan Sillito and
               Thomas Zimmermann},
  title     = {Information needs in bug reports: improving cooperation between developers
               and users},
  booktitle = {Proceedings of the 2010 {ACM} Conference on Computer Supported Cooperative
               Work, {CSCW} 2010, Savannah, Georgia, USA, February 6-10, 2010},
  pages     = {301--310},
  year      = {2010},
 
  memo="
    editor    = {Kori Inkpen and
                Carl Gutwin and
                John C. Tang},
    publisher = {{ACM}},
    url       = {https://doi.org/10.1145/1718918.1718973},
    doi       = {10.1145/1718918.1718973},
    timestamp = {Mon, 16 Sep 2019 14:15:54 +0200},
    biburl    = {https://dblp.org/rec/conf/cscw/BreuPSZ10.bib},
    bibsource = {dblp computer science bibliography, https://dblp.org}
  "
}

@inproceedings{DBLP:conf/icse/GuoZNM10,
  author    = {Philip J. Guo and
               Thomas Zimmermann and
               Nachiappan Nagappan and
               Brendan Murphy},
  title     = {Characterizing and predicting which bugs get fixed: an empirical study
               of Microsoft Windows},
  booktitle = {Proceedings of the 32nd {ACM/IEEE} International Conference on Software
               Engineering - Volume 1, {ICSE} 2010, Cape Town, South Africa, 1-8
               May 2010},
  pages     = {495--504},  
  year      = {2010},

  memo="
    editor    = {Jeff Kramer and
                Judith Bishop and
                Premkumar T. Devanbu and
                Sebasti{\'{a}}n Uchitel},
    publisher = {{ACM}},
    url       = {https://doi.org/10.1145/1806799.1806871},
    doi       = {10.1145/1806799.1806871},
    timestamp = {Tue, 06 Nov 2018 11:06:55 +0100},
    biburl    = {https://dblp.org/rec/conf/icse/GuoZNM10.bib},
    bibsource = {dblp computer science bibliography, https://dblp.org}
  "
}

@inproceedings{DBLP:conf/icse/GigerPG10,
  author    = {Emanuel Giger and
               Martin Pinzger and
               Harald C. Gall},
  title     = {Predicting the fix time of bugs},
  booktitle = {Proceedings of the 2nd International Workshop on Recommendation Systems
               for Software Engineering, {RSSE} 2010, Cape Town, South Africa, May
               4, 2010},
  pages     = {52--56},
  year      = {2010},
  
  memo="
    editor    = {Reid Holmes and
                Martin P. Robillard and
                Robert J. Walker and
                Thomas Zimmermann},
    publisher = {{ACM}},
    url       = {https://doi.org/10.1145/1808920.1808933},
    doi       = {10.1145/1808920.1808933},
    timestamp = {Tue, 29 Dec 2020 18:35:16 +0100},
    biburl    = {https://dblp.org/rec/conf/icse/GigerPG10.bib},
    bibsource = {dblp computer science bibliography, https://dblp.org}
  "
}

@inproceedings{DBLP:conf/msr/Panjer07,
  author    = {Lucas D. Panjer},
  title     = {Predicting Eclipse Bug Lifetimes},
  booktitle = {Fourth International Workshop on Mining Software Repositories, {MSR}
               2007 {(ICSE} Workshop), Minneapolis, MN, USA, May 19-20, 2007, Proceedings},
  pages     = {29},
  year      = {2007},

  memo="
    publisher = {{IEEE} Computer Society},
    url       = {https://doi.org/10.1109/MSR.2007.25},
    doi       = {10.1109/MSR.2007.25},
    timestamp = {Wed, 16 Oct 2019 14:14:52 +0200},
    biburl    = {https://dblp.org/rec/conf/msr/Panjer07.bib},
    bibsource = {dblp computer science bibliography, https://dblp.org}
  "
}

@inproceedings{DBLP:conf/icsm/BavotaR15,
  author    = {Gabriele Bavota and
               Barbara Russo},
  title     = {Four eyes are better than two: On the impact of code reviews on software
               quality},
  booktitle = {2015 {IEEE} International Conference on Software Maintenance and Evolution,
               {ICSME} 2015, Bremen, Germany, September 29 - October 1, 2015},
  pages     = {81--90},
  year      = {2015},
  
  memo="
    editor    = {Rainer Koschke and
                Jens Krinke and
                Martin P. Robillard},
    publisher = {{IEEE} Computer Society},
    url       = {https://doi.org/10.1109/ICSM.2015.7332454},
    doi       = {10.1109/ICSM.2015.7332454},
    timestamp = {Wed, 16 Oct 2019 14:14:50 +0200},
    biburl    = {https://dblp.org/rec/conf/icsm/BavotaR15.bib},
    bibsource = {dblp computer science bibliography, https://dblp.org}
  "
}

@inproceedings{DBLP:conf/issre/ZhouNG15,
  author    = {Bo Zhou and
               Iulian Neamtiu and
               Rajiv Gupta},
  title     = {Experience report: How do bug characteristics differ across severity
               classes: {A} multi-platform study},
  booktitle = {26th {IEEE} International Symposium on Software Reliability Engineering,
               {ISSRE} 2015, Gaithersbury, MD, USA, November 2-5, 2015},
  pages     = {507--517},
  year      = {2015},
  
  memo="
    publisher = {{IEEE} Computer Society},
    url       = {https://doi.org/10.1109/ISSRE.2015.7381843},
    doi       = {10.1109/ISSRE.2015.7381843},
    timestamp = {Sat, 05 Sep 2020 17:58:00 +0200},
    biburl    = {https://dblp.org/rec/conf/issre/ZhouNG15.bib},
    bibsource = {dblp computer science bibliography, https://dblp.org}
  "
}

@inproceedings{DBLP:conf/kbse/HattoriL08,
  author    = {Lile Hattori and
               Michele Lanza},
  title     = {On the nature of commits},
  booktitle = {23rd {IEEE/ACM} International Conference on Automated Software Engineering
               - Workshop Proceedings {(ASE} Workshops 2008), 15-16 September 2008,
               L'Aquila, Italy},
  pages     = {63--71},
  year      = {2008},

  memo="
    publisher = {{IEEE}},
    url       = {https://doi.org/10.1109/ASEW.2008.4686322},
    doi       = {10.1109/ASEW.2008.4686322},
    timestamp = {Wed, 16 Oct 2019 14:14:55 +0200},
    biburl    = {https://dblp.org/rec/conf/kbse/HattoriL08.bib},
    bibsource = {dblp computer science bibliography, https://dblp.org}
  "
}
a service of  Schloss Dagstuhl - Leibniz Center for Informatics	homebrowsesearchabout

@inproceedings{DBLP:conf/nips/KrizhevskySH12,
  author    = {Alex Krizhevsky and
               Ilya Sutskever and
               Geoffrey E. Hinton},
  title     = {ImageNet Classification with Deep Convolutional Neural Networks},
  booktitle = {26th Annual
               Conference on Neural Information Processing Systems 2012},
  pages     = {1106--1114},
  year      = {2012}
}


@inproceedings{DBLP:conf/icse/HerzigJZ13,
  author    = {Kim Herzig and
               Sascha Just and
               Andreas Zeller},
  title     = {It's not a bug, it's a feature: how misclassification impacts bug
               prediction},
  booktitle = {35th International Conference on Software Engineering ({ICSE})},
  pages     = {392--401},
  year      = {2013},
  
  memo="
    editor    = {David Notkin and
                Betty H. C. Cheng and
                Klaus Pohl},
    publisher = {{IEEE} Computer Society},
    url       = {https://doi.org/10.1109/ICSE.2013.6606585},
    doi       = {10.1109/ICSE.2013.6606585},
    timestamp = {Sun, 25 Jul 2021 11:48:47 +0200},
    biburl    = {https://dblp.org/rec/conf/icse/HerzigJZ13.bib},
    bibsource = {dblp computer science bibliography, https://dblp.org}
  "
}

@inproceedings{DBLP:conf/eclipse/BettenburgJSWPZ07,
  author    = {Nicolas Bettenburg and
               Sascha Just and
               Adrian Schr{\"{o}}ter and
               Cathrin Wei{\ss} and
               Rahul Premraj and
               Thomas Zimmermann},
  title     = {Quality of bug reports in Eclipse},
  booktitle = {2007 {OOPSLA} workshop on Eclipse Technology eXchange},
  pages     = {21--25},
  year      = {2007},

  memo="
    editor    = {Li{-}Te Cheng and
                Alessandro Orso and
                Martin P. Robillard},
    publisher = {{ACM}},
    url       = {https://doi.org/10.1145/1328279.1328284},
    doi       = {10.1145/1328279.1328284},
    timestamp = {Tue, 06 Nov 2018 16:59:08 +0100},
    biburl    = {https://dblp.org/rec/conf/eclipse/BettenburgJSWPZ07.bib},
    bibsource = {dblp computer science bibliography, https://dblp.org}
  "
}

@inproceedings{DBLP:conf/icse/CooperBCMP21,
  author    = {Nathan Cooper and
               Carlos Bernal{-}C{\'{a}}rdenas and
               Oscar Chaparro and
               Kevin Moran and
               Denys Poshyvanyk},
  title     = {It Takes Two to {TANGO:} Combining Visual and Textual Information
               for Detecting Duplicate Video-Based Bug Reports},
  booktitle = {43rd {IEEE/ACM} International Conference on Software Engineering,
               {ICSE} 2021, Madrid, Spain, 22-30 May 2021},
  pages     = {957--969},
  year      = {2021},
  
  memo="
    publisher = {{IEEE}},
    url       = {https://doi.org/10.1109/ICSE43902.2021.00091},
    doi       = {10.1109/ICSE43902.2021.00091},
    timestamp = {Mon, 03 Jan 2022 22:28:02 +0100},
    biburl    = {https://dblp.org/rec/conf/icse/CooperBCMP21.bib},
    bibsource = {dblp computer science bibliography, https://dblp.org}
  "
}

@inproceedings{DBLP:conf/msr/BhattacharyaN11,
  author    = {Pamela Bhattacharya and
               Iulian Neamtiu},
  title     = {Bug-fix time prediction models: can we do better?},
  booktitle = {Proceedings of the 8th International Working Conference on Mining
               Software Repositories, {MSR} 2011 (Co-located with ICSE), Waikiki,
               Honolulu, HI, USA, May 21-28, 2011, Proceedings},
  pages     = {207--210},
  year      = {2011},

  memo="
    publisher = {{ACM}},
    url       = {https://doi.org/10.1145/1985441.1985472},
    doi       = {10.1145/1985441.1985472},
    timestamp = {Fri, 05 Nov 2021 10:54:25 +0100},
    biburl    = {https://dblp.org/rec/conf/msr/BhattacharyaN11.bib},
    bibsource = {dblp computer science bibliography, https://dblp.org}
  "
}

@inproceedings{DBLP:conf/csmr/BhattacharyaUNK13,
  author    = {Pamela Bhattacharya and
               Liudmila Ulanova and
               Iulian Neamtiu and
               Sai Charan Koduru},
  title     = {An Empirical Analysis of Bug Reports and Bug Fixing in Open Source
               Android Apps},
  booktitle = {17th European Conference on Software Maintenance and Reengineering,
               {CSMR} 2013, Genova, Italy, March 5-8, 2013},
  pages     = {133--143},
  year      = {2013},

  memo="
    editor    = {Anthony Cleve and
                Filippo Ricca and
                Maura Cerioli},
    publisher = {{IEEE} Computer Society},
    url       = {https://doi.org/10.1109/CSMR.2013.23},
    doi       = {10.1109/CSMR.2013.23},
    timestamp = {Wed, 16 Oct 2019 14:14:53 +0200},
    biburl    = {https://dblp.org/rec/conf/csmr/BhattacharyaUNK13.bib},
    bibsource = {dblp computer science bibliography, https://dblp.org}
  "
}

@inproceedings{DBLP:conf/icsm/KashiwaYKO14,
  author    = {Yutaro Kashiwa and
               Hayato Yoshiyuki and
               Yusuke Kukita and
               Masao Ohira},
  title     = {A Pilot Study of Diversity in High Impact Bugs},
  booktitle = {30th {IEEE} International Conference on Software Maintenance and Evolution,
               Victoria, BC, Canada, September 29 - October 3, 2014},
  pages     = {536--540},
  year      = {2014},

  memo="
    publisher = {{IEEE} Computer Society},
    url       = {https://doi.org/10.1109/ICSME.2014.89},
    doi       = {10.1109/ICSME.2014.89},
    timestamp = {Wed, 16 Oct 2019 14:14:50 +0200},
    biburl    = {https://dblp.org/rec/conf/icsm/KashiwaYKO14.bib},
    bibsource = {dblp computer science bibliography, https://dblp.org}
  "
}

@inproceedings{DBLP:conf/sigsoft/JeongKZ09,
  author    = {Gaeul Jeong and
               Sunghun Kim and
               Thomas Zimmermann},
  title     = {Improving bug triage with bug tossing graphs},
  booktitle = {Proceedings of the 7th joint meeting of the European Software Engineering
               Conference and the {ACM} {SIGSOFT} International Symposium on Foundations
               of Software Engineering, 2009, Amsterdam, The Netherlands, August
               24-28, 2009},
  pages     = {111--120},
  year      = {2009},

  memo="
    editor    = {Hans van Vliet and
                Val{\'{e}}rie Issarny},
    publisher = {{ACM}},
    url       = {https://doi.org/10.1145/1595696.1595715},
    doi       = {10.1145/1595696.1595715},
    timestamp = {Tue, 01 Feb 2022 10:45:16 +0100},
    biburl    = {https://dblp.org/rec/conf/sigsoft/JeongKZ09.bib},
    bibsource = {dblp computer science bibliography, https://dblp.org}
  "
}

@inproceedings{DBLP:conf/msr/ZamanAH11,
  author    = {Shahed Zaman and
               Bram Adams and
               Ahmed E. Hassan},
  title     = {Security versus performance bugs: a case study on Firefox},
  booktitle = {Proceedings of the 8th International Working Conference on Mining
               Software Repositories, {MSR} 2011 (Co-located with ICSE), Waikiki,
               Honolulu, HI, USA, May 21-28, 2011, Proceedings},
  pages     = {93--102},
  year      = {2011},

  memo="
    editor    = {Arie van Deursen and
                Tao Xie and
                Thomas Zimmermann},
    publisher = {{ACM}},
    url       = {https://doi.org/10.1145/1985441.1985457},
    doi       = {10.1145/1985441.1985457},
    timestamp = {Fri, 05 Nov 2021 10:54:25 +0100},
    biburl    = {https://dblp.org/rec/conf/msr/ZamanAH11.bib},
    bibsource = {dblp computer science bibliography, https://dblp.org}
  "
}

@inproceedings{DBLP:conf/msr/ChenNSH14,
  author    = {Tse{-}Hsun Chen and
               Meiyappan Nagappan and
               Emad Shihab and
               Ahmed E. Hassan},
  title     = {An empirical study of dormant bugs},
  booktitle = {11th Working Conference on Mining Software Repositories, {MSR} 2014,
               Proceedings, May 31 - June 1, 2014, Hyderabad, India},
  pages     = {82--91},
  year      = {2014},

  memo="
    editor    = {Premkumar T. Devanbu and
                Sung Kim and
                Martin Pinzger},
    publisher = {{ACM}},
    url       = {https://doi.org/10.1145/2597073.2597108},
    doi       = {10.1145/2597073.2597108},
    timestamp = {Tue, 06 Nov 2018 16:57:14 +0100},
    biburl    = {https://dblp.org/rec/conf/msr/ChenNSH14.bib},
    bibsource = {dblp computer science bibliography, https://dblp.org}
  "
}

@misc{feng2021arxiv,
      title={GIFdroid: Automated Replay of Visual Bug Reports for Android Apps}, 
      author={Sidong Feng and Chunyang Chen},
      year={2021},
      eprint={2112.04128},
      archivePrefix={arXiv},
      primaryClass={cs.SE}
}

@misc{he2019arxiv,
      title={Bounding Box Regression with Uncertainty for Accurate Object Detection}, 
      author={Yihui He and Chenchen Zhu and Jianren Wang and Marios Savvides and Xiangyu Zhang},
      year={2019},
      eprint={1809.08545},
      archivePrefix={arXiv},
      primaryClass={cs.CV}
}

@inproceedings{DBLP:conf/icse/Bernal-Cardenas20,
  author    = {Carlos Bernal{-}C{\'{a}}rdenas and
               Nathan Cooper and
               Kevin Moran and
               Oscar Chaparro and
               Andrian Marcus and
               Denys Poshyvanyk},
  title     = {Translating video recordings of mobile app usages into replayable
               scenarios},
  booktitle = {Proceedings of the 42nd International Conference on Software Engineering (ICSE)},
  pages     = {309--321},
  year      = {2020},

  memo="
    editor    = {Gregg Rothermel and
                Doo{-}Hwan Bae},
    publisher = {{ACM}},
    url       = {https://doi.org/10.1145/3377811.3380328},
    doi       = {10.1145/3377811.3380328},
    timestamp = {Thu, 14 Oct 2021 10:18:27 +0200},
    biburl    = {https://dblp.org/rec/conf/icse/Bernal-Cardenas20.bib},
    bibsource = {dblp computer science bibliography, https://dblp.org}
  "
}