@article{Evaluating_Effectiveness,
author = "James S. Collofello and Scott N. Woodfield",
title = "Evaluating the effectiveness of reliability-assurance techniques",
journal = "Journal of Systems and Software",
volume = "9",
number = "3",
pages = "191-195",
year = "1989",
issn = "0164-1212",
doi = "https://doi.org/10.1016/0164-1212(89)90039-3",
url = "http://www.sciencedirect.com/science/article/pii/0164121289900393",
}

@article{Auto_Repair, 
author={L. {Gazzola} and D. {Micucci} and L. {Mariani}}, 
title={Automatic Software Repair: A Survey}, 
journal={IEEE Transactions on Software Engineering}, 
year={2019}, 
volume={45}, 
number={1}, 
pages={34-67}, 
keywords={program debugging;software maintenance;software quality;modern software applications;maintenance cycles;software programs;heterogeneous research framework;articulated research framework;automatic software repair techniques;high-quality software;Software;Maintenance engineering;Debugging;Computer bugs;Software algorithms;Fault diagnosis;Conferences;Automatic program repair;generate and validate;search-based;semantics-driven repair;correct by construction;program synthesis;self-repairing}, 
doi={10.1109/TSE.2017.2755013}, 
ISSN={2326-3881}, 
}

@InProceedings{Interpretation_For_Nonparametric_Test,
author={山本 光司}, 
title={植物防疫基礎講座 正しい分散分析結果を導くための変数変換法}, 
journal={植物防疫}, 
year={2002-10}, 
volume={56}, 
number={110}, 
pages={436-441}, 
keywords={変数変換,等分散性,Taylor's power law,Box-Cox変換,ノンパラメトリック検定,一般化線型モデル}, 
ISSN={0037-4091}, 
}

@InProceedings{Test_Level,
author={阿部 研自}, 
title={多重比較法における不等分散の影響評価}, 
journal={応用経済学}, 
year={1999}, 
volume={28}, 
number={2}, 
pages={55-78}, 
doi={https://doi.org/10.5023/jappstat.28.55},
ISSN={0285-0370}, 
}

@InProceedings{Test_Power,
author={永田 靖}, 
title={多重比較法の実際}, 
journal={応用経済学}, 
year={1998}, 
volume={27}, 
number={2}, 
pages={93-108}, 
doi={https://doi.org/10.5023/jappstat.27.93},
ISSN={0285-0370}, 
}

@InProceedings{G*Power1,
author={Faul. Franz , Erdfelder. Edgar , Lang. Albert-Georg and Buchner. Axel}, 
title={G*Power 3: A flexible statistical power analysis program for the social; behavioral; and biomedical sciences}, 
journal={Behavior Research Methods}, 
year={2007}, 
volume={39}, 
number={2}, 
pages={175-191}, 
doi={https://doi.org/10.3758/BF03193146},
ISBN={1554-3528},
URL={https://doi.org/10.3758/BF03193146}
}

@InProceedings{G*Power2,
author={Faul. Franz , Erdfelder. Edgar , Buchner. Axel and Lang. Albert-Georg}, 
title={Statistical power analyses using G*Power 3.1: Tests for correlation and regression analyses}, 
journal={Behavior Research Methods}, 
year={2009}, 
volume={41}, 
number={4}, 
pages={1149-1160}, 
doi={https://doi.org/10.3758/BRM.41.4.1149},
ISBN={1554-3528}, 
URL={https://doi.org/10.3758/BRM.41.4.1149}
}

